% Encoding: UTF-8

@Book{BMS-SOC,
  title     = {Battery Management Systems: Accurate State-of-Charge Indication for Battery-Powered Applications},
  publisher = {Springer},
  year      = {2008},
  author    = {Valer Pop and more},
  pages     = {226},

}

@Misc{bq76920,
  author       = {{Texas Instruments}},
  title        = {bq769x0 3-Series to 15-Series Cell Battery Monitor Family for Li-Ion and Phosphate Applications},
  howpublished = {Online PDF},
  month        = {05},
  year         = {2016},
  note         = {\url{http://www.ti.com/lit/ds/symlink/bq76920.pdf}},
}

@Misc{lpc804,
	author       = {{NXP}},
	title        = {LPC804 User manual},
	howpublished = {Online PDF},
	month        = {01},
	year         = {2018},
	note         = {\url{https://www.mouser.com/pdfdocs/NXP_LPC804_UM.pdf}},
}
